<?xml version="1.0" encoding="UTF-8" ?>
<collection xmlns:xsi="http://www.w3.org/2001/XMLSchema-instance" xsi:schemaLocation="http://www.loc.gov/MARC21/slim http://www.loc.gov/standards/marcxml/schema/MARC21slim.xsd" xmlns="http://www.loc.gov/MARC21/slim">
   <record>
      <leader>     cam a22     1a 4500</leader>
      <controlfield tag="001">3780471</controlfield>
      <controlfield tag="003">NIC</controlfield>
      <controlfield tag="005">20140802215328.0</controlfield>
      <controlfield tag="008">000223s1954    iq            000 0 ara|d</controlfield>
      <datafield tag="035" ind1=" " ind2=" ">
         <subfield code="a">(NIC)notisASZ8947</subfield>
      </datafield>
      <datafield tag="035" ind1=" " ind2=" ">
         <subfield code="a">(OCoLC)64753312</subfield>
      </datafield>
      <datafield tag="035" ind1=" " ind2=" ">
         <subfield code="a">3780471</subfield>
      </datafield>
      <datafield tag="040" ind1=" " ind2=" ">
         <subfield code="a">MH</subfield>
         <subfield code="c">MH</subfield>
         <subfield code="d">CStRLIN</subfield>
      </datafield>
      <datafield tag="100" ind1="1" ind2=" ">
         <subfield code="a">Lestrange, Guy</subfield>
         <subfield code="d">1854-1933.</subfield>
      </datafield>
      <datafield tag="245" ind1="1" ind2="0">
         <subfield code="a">Buldān al-khilāfah al-sharqīyah :</subfield>
         <subfield code="b">yatanāwal ṣifat al-ʻIrāq wa-al-Jazīrah wa-Īrān wa-aqālīm Āsyah al-Wuṣṭá mundhu al-Fatḥ al-Islāmī ḥattá ayyām Taymūr /</subfield>
         <subfield code="c">naqalahu ilá al-ʻArabīyah wa-aḍāfa ilayhi taʻlīqāt buldānīyah wa-tārīkhīyah wa-atharīyah wa-waḍaʻa fahārisahu Bashīr Fransīs wa-Karkīs ʻAwwād.</subfield>
      </datafield>
      <datafield tag="260" ind1=" " ind2=" ">
         <subfield code="a">Baghdād :</subfield>
         <subfield code="b">Maṭbaʻat al-Rābiṭah,</subfield>
         <subfield code="c">1954.</subfield>
      </datafield>
      <datafield tag="300" ind1=" " ind2=" ">
         <subfield code="a">14, 590 p. :</subfield>
         <subfield code="b">illus.</subfield>
      </datafield>
      <datafield tag="500" ind1=" " ind2=" ">
         <subfield code="a">At head of title : Maṭbūʻāt al-Jamʻ al-ʻIlmī al-ʻIrāqī</subfield>
      </datafield>
      <datafield tag="651" ind1=" " ind2="0">
         <subfield code="a">Islamic Empire</subfield>
         <subfield code="x">History.</subfield>
      </datafield>
      <datafield tag="700" ind1="1" ind2=" ">
         <subfield code="a">ʻAwwād, Kūrkīs.</subfield>
      </datafield>
      <datafield tag="905" ind1=" " ind2=" ">
         <subfield code="a">20000223120000.0</subfield>
      </datafield>
      <datafield tag="903" ind1=" " ind2=" ">
         <subfield code="a">NYUACO</subfield>
         <subfield code="d">20141028</subfield>
         <subfield code="p">31924028780298</subfield>
      </datafield>
      <datafield tag="950" ind1=" " ind2=" ">
         <subfield code="a">DS44.9</subfield>
         <subfield code="b">.L64 1954</subfield>
         <subfield code="v"> </subfield>
      </datafield>
   </record>
</collection>
